 @misc{nickGH,
    author  = {Chapsas, Nick},
    journal = {GitHub},
    title   = {Nick Chapsas' GitHub Profile},
    url     = {https://github.com/Elfocrash},
    year    = {2015}
}
 @misc{nickYT,
    author  = {Chapsas, Nick},
    journal = {YouTube},
    title   = {Nick Chapsas' YouTube Channel},
    url     = {https://www.youtube.com/c/Elfocrash},
    year    = {2019}
}
 @misc{nickLI,
    author  = {Chapsas, Nick},
    journal = {LinkedIn},
    title   = {Nick Chapsas' LinkedIn},
    url     = {https://www.linkedin.com/in/nick-chapsas},
    year    = {2011}
} 